@misc{ wiki:rust,
    author = "{Wikipedia contributors}",
    title = "Rust (programming language) --- {Wikipedia}{,} The Free Encyclopedia",
    year = "2019",
    howpublished = "\url{https://en.wikipedia.org/w/index.php?title=Rust_(programming_language)&oldid=883708406}",
    note = "[Online; accessed 22-February-2019]"
  }
@misc{ code:rust,
    author = "{Rust Team}",
    title = "Rust by Example",
    year = "2019",
    note = "\url{https://doc.rust-lang.org/stable/rust-by-example/index.html}"
}
@misc{ info:rust,
    author = "{Rust Team}",
    title = "Rust Language Organization",
    year = "2019",
    note = "\url{https://rust-lang.org/}"
}
